% This file was created with JabRef 2.10b2.
% Encoding: UTF8


@Article{Abdulkadir2013,
  Title                    = {{Kiswahili: a poem by Mahmoud Ahmad Abdulkadir}},
  Author                   = {Mahmoud Ahmad Abdulkadir and P J L Frankl},
  Journal                  = {Swahili Forum},
  Year                     = {2013},
  Note                     = {\url{http://www.qucosa.de/fileadmin/data/qucosa/documents/13740/SF_20_Frankl_Abdulkadir.pdf}},
  Pages                    = {1--18},
  Volume                   = {20},

  Url                      = {http://www.qucosa.de/fileadmin/data/qucosa/documents/13740/SF_20_Frankl_Abdulkadir.pdf}
}

@Book{Chiraghdin2012,
  Title                    = {{Life Journey of a Swahili Scholar}},
  Author                   = {Latifa Chiraghdin},
  Publisher                = {Jor's Publishers},
  Year                     = {2012},

  Location                 = {Mombasa}
}

@Book{Chiraghdin1971,
  Title                    = {{Malenga wa Mvita: Diwani ya Ustadh Bhalo}},
  Author                   = {Shihabdin Chiraghdin},
  Publisher                = {oxford University Press},
  Year                     = {1971},

  Location                 = {Nairobi}
}

@Book{Diki2008,
  Title                    = {{Securing a place for a language in cyberspace}},
  Author                   = {Marcel Diki-Kadiri},
  Publisher                = {UNESCO},
  Year                     = {2008},

  Address                  = {Paris},

  Organization             = {UNESCO}
}

@InCollection{Donnelly1982,
  Title                    = {{Structure and association in Bajuni fishing songs}},
  Author                   = {Kevin Donnelly and Yahya Ali Omar},
  Booktitle                = {{Genres, Forms, Meanings: Essays in African Oral Literature}},
  Year                     = {1982},

  Address                  = {Oxford},
  Editor                   = {Veronika G{\"o}r{\"o}g-Karady},
  Pages                    = {109--122},
  Series                   = {{JASO Occasional Papers}},
  Volume                   = {1}
}

@Article{Eastman1985,
  Title                    = {{Swahili Gestures}},
  Author                   = {Carol Eastman and Yahya Ali Omar},
  Journal                  = {Bulletin of the School of Oriental and African Studies},
  Year                     = {1985},
  Number                   = {2},
  Pages                    = {321--333},
  Volume                   = {48}
}

@Book{Maawy1973,
  Title                    = {{The Lamu Hero: The Story of Bwana Zahidi Mgumi [1760-1832]}},
  Author                   = {Ali A. El-Maawy},
  Publisher                = {Unpublished},
  Year                     = {1973}
}

@Book{Faqihi1979,
  Title                    = {Utenzi wa Rasi 'lGhuli},
  Author                   = {Mgeni bin Faqihi},
  Editor                   = {Leo {van Kessel}},
  Publisher                = {Tanzania Publishing House},
  Year                     = {1979},

  Address                  = {Dar Es Salaam}
}

@Article{Frankl1999,
  Title                    = {{W.E. Taylor (1856--1927): England's greatest Swahili scholar}},
  Author                   = {P J L Frankl},
  Journal                  = {AAP},
  Year                     = {1999},
  Pages                    = {161--174},
  Volume                   = {60}
}

@Article{Geider2011,
  Title                    = {{A bibliography of Swahili literature, linguistics, culture and history: update 2003--2009}},
  Author                   = {Thomas Geider},
  Journal                  = {Swahili Forum},
  Year                     = {2011},
  Volume                   = {18}
}

@Article{Geider2003,
  Title                    = {{A bibliography of Swahili literature, linguistics, culture and history}},
  Author                   = {Thomas Geider},
  Journal                  = {Swahili Forum},
  Year                     = {2003},
  Volume                   = {10}
}

@Article{Hamad2011,
  Title                    = {{Mapitio ya kitabu: Hilal, Nasra Mohammed. 2007. Mfinyanzi Aingia Kasri -- Siti Binti Saad, Malkia wa Taarab.}},
  Author                   = {Asha Khamis Hamad},
  Journal                  = {Swahili Forum},
  Year                     = {2011},
  Pages                    = {245--247},
  Volume                   = {18}
}

@Book{Harries1967,
  Title                    = {{Utenzi wa Mkunumbi. A Swahili Potlatch -- The Poem about Mkunumbi}},
  Author                   = {Lyndon Harries},
  Publisher                = {East African Literature Bureau},
  Year                     = {1967},

  Address                  = {Nairobi}
}

@Book{Knappert1978,
  Title                    = {{Four Centuries of Swahili Verse: A Literary History and Anthology}},
  Author                   = {Jan Knappert},
  Publisher                = {Heinemann},
  Year                     = {1978},

  Address                  = {London}
}

@Book{Knappert1972,
  Title                    = {{A Choice of Flowers: Swahili Songs of Love and Passion}},
  Author                   = {Jan Knappert},
  Publisher                = {Heinemann},
  Year                     = {1972},

  Address                  = {London}
}

@Book{Knappert1971,
  Title                    = {{Swahili Islamic Poetry}},
  Author                   = {Jan Knappert},
  Publisher                = {Brill},
  Year                     = {1971},

  Address                  = {Leiden}
}

@Book{Knappert1967,
  Title                    = {{Traditional Swahili Poetry}},
  Author                   = {Jan Knappert},
  Publisher                = {Brill},
  Year                     = {1967},

  Address                  = {Leiden}
}

@Book{Knappert1964,
  Title                    = {{Four Swahili Epics}},
  Author                   = {Jan Knappert},
  Year                     = {1964},

  Address                  = {Leiden}
}

@Article{Meinhof1924,
  Title                    = {{Das Lied des Liongo}},
  Author                   = {Carl Meinhof},
  Journal                  = {Zeitschrift f{\"u}r Eingeborenen-Sprachen},
  Year                     = {1924},
  Pages                    = {241--265},
  Volume                   = {15}
}

@InCollection{Omar1998,
  Title                    = {{Three Prose Texts in the Swahili of Mombasa (mit einer Einleitung von PJL Frankl)}},
  Author                   = {Yahya Ali Omar},
  Booktitle                = {{Sprache und Oralit{\"a}t in Afrika}},
  Publisher                = {Dietrich Reimer},
  Year                     = {1998},

  Address                  = {Berlin},
  Series                   = {{Frankfurter Studien zur Afrikanistik}},
  Volume                   = {21}
}

@Article{Omar2002,
  Title                    = {{The Swahili Manuscripts Project at SOAS}},
  Author                   = {Yahya Ali Omar and Annmarie Drury},
  Journal                  = {Swahili Forum},
  Year                     = {2002},
  Pages                    = {9--17},
  Volume                   = {9}
}

@Article{Omar1997,
  Title                    = {{An historical review of the Arabic rendering of Swahili, together with proposals for the development of a Swahili writing system in Arabic script}},
  Author                   = {Yahya Ali Omar and P J L Frankl},
  Journal                  = {Journal of the Royal Asiatic Society [Series 3]},
  Year                     = {1997},
  Number                   = {1},
  Pages                    = {55--71},
  Volume                   = {7}
}

@Article{Omar1994,
  Title                    = {{Swahili letters from the Taylor Papers}},
  Author                   = {Yahya Ali Omar and P J L Frankl},
  Journal                  = {South African Journal of African Languages},
  Year                     = {1994},
  Pages                    = {1--11},
  Volume                   = {Supplement 2}
}

@Book{Osborn2010,
  Title                    = {{African Languages in a Digital Age: challenges and opportunities in indigenous language computing}},
  Author                   = {Don Osborn},
  Publisher                = {HSRC Press},
  Year                     = {2010},

  Address                  = {Cape Town}
}

@Book{Sacleux1939,
  Title                    = {{Dictionnaire swahili-fran\c{c}ais}},
  Author                   = {Charles Sacleux},
  Publisher                = {Institut d{\rq}Ethnologie},
  Year                     = {1939},
  Series                   = {{ Travaux et m{\'e}moires de l{\rq}Institut d{\rq}Ethnologie}},
  Volume                   = {36},

  Location                 = {Paris}
}

@Book{Said2012,
  Title                    = {{Wasifu wa Ahmed Sheikh Nabhany}},
  Author                   = {Amira Msellem Said},
  Publisher                = {JC Press},
  Year                     = {2012},

  Location                 = {Mombasa}
}

@Book{Stigand1915,
  Title                    = {{ A Grammar of the Dialectic Changes in the Kiswahili Language }},
  Author                   = {Chauncy Stigand},
  Publisher                = {Cambridge University Press},
  Year                     = {1915},

  Location                 = {Cambridge}
}

@Book{Velten1907,
  Title                    = {{Prosa und Poesie der Suahili}},
  Author                   = {Carl Velten},
  Year                     = {1907},

  Address                  = {Berlin}
}

@PhdThesis{waMutiso1996,
  Title                    = {Archetypal Motifs in Swahili Islamic Poetry: Kasida ya Burudai},
  Author                   = {Kineene {wa Mutiso}},
  School                   = {University of Nairobi},
  Year                     = {1996}
}

@Book{Chiraghdin1987,
  Title                    = {{Malenga wa Karne Moja}},
  Editor                   = {Shihabdin Chiraghdin},
  Publisher                = {Longman},
  Year                     = {1987},

  Location                 = {Nairobi}
}

@Book{Sperl1995,
  Title                    = {Qasida Poetry in Islamic Asia and Africa},
  Editor                   = {Stefan Sperl and Christopher Shackl},
  Publisher                = {Brill},
  Year                     = {1995},

  Address                  = {Leiden}
}

